[gd_scene load_steps=15 format=2]

[ext_resource path="res://scripts/lvl_easy_1.gd" type="Script" id=1]
[ext_resource path="res://scenes/Ground_1.tscn" type="PackedScene" id=2]
[ext_resource path="res://scenes/Ground_2.tscn" type="PackedScene" id=3]
[ext_resource path="res://scenes/Mineral_1.tscn" type="PackedScene" id=4]
[ext_resource path="res://scenes/Energy_1.tscn" type="PackedScene" id=5]
[ext_resource path="res://scenes/Rocks_1.tscn" type="PackedScene" id=6]
[ext_resource path="res://scripts/Grounds_randomizer.gd" type="Script" id=7]
[ext_resource path="res://scenes/Ground_1_generative.tscn" type="PackedScene" id=8]
[ext_resource path="res://scripts/Ground_1.gd" type="Script" id=9]
[ext_resource path="res://scripts/Energies_randomizer.gd" type="Script" id=10]
[ext_resource path="res://scenes/Energy_1_generative.tscn" type="PackedScene" id=11]
[ext_resource path="res://scenes/Energy_1_generative.gd" type="Script" id=12]
[ext_resource path="res://scripts/Minerals_randomizer.gd" type="Script" id=13]
[ext_resource path="res://scenes/Boundaries_easy.tscn" type="PackedScene" id=14]

[node name="lvl_easy_5" type="Node2D"]

script = ExtResource( 1 )
_sections_unfolded = [ "Transform" ]

[node name="Obstacles" type="Node2D" parent="." index="0"]

editor/display_folded = true
position = Vector2( 30, 0 )
_sections_unfolded = [ "Transform" ]

[node name="Ground_12" parent="Obstacles" index="0" instance=ExtResource( 2 )]

position = Vector2( 0, 1428 )
_sections_unfolded = [ "Collision", "Transform" ]

[node name="Ground_3" parent="Obstacles" index="1" instance=ExtResource( 2 )]

position = Vector2( 204, 0 )
_sections_unfolded = [ "Collision", "Transform" ]

[node name="Ground_7" parent="Obstacles" index="2" instance=ExtResource( 2 )]

_sections_unfolded = [ "Collision", "Transform" ]

[node name="Ground_4" parent="Obstacles" index="3" instance=ExtResource( 2 )]

position = Vector2( 408, 0 )
_sections_unfolded = [ "Collision", "Transform" ]

[node name="Ground_14" parent="Obstacles" index="4" instance=ExtResource( 2 )]

position = Vector2( 816, 408 )
_sections_unfolded = [ "Collision", "Transform" ]

[node name="Ground_15" parent="Obstacles" index="5" instance=ExtResource( 2 )]

position = Vector2( 612, 204 )
_sections_unfolded = [ "Collision", "Transform" ]

[node name="Ground_16" parent="Obstacles" index="6" instance=ExtResource( 2 )]

position = Vector2( 408, 408 )
_sections_unfolded = [ "Collision", "Transform" ]

[node name="Ground_17" parent="Obstacles" index="7" instance=ExtResource( 2 )]

position = Vector2( 204, 204 )
_sections_unfolded = [ "Collision", "Transform" ]

[node name="Ground_22" parent="Obstacles" index="8" instance=ExtResource( 2 )]

position = Vector2( 204, 408 )
_sections_unfolded = [ "Collision", "Transform" ]

[node name="Ground_23" parent="Obstacles" index="9" instance=ExtResource( 2 )]

position = Vector2( 204, 1020 )
_sections_unfolded = [ "Collision", "Transform" ]

[node name="Ground_38" parent="Obstacles" index="10" instance=ExtResource( 2 )]

position = Vector2( 408, 2448 )
_sections_unfolded = [ "Collision", "Transform" ]

[node name="Ground_24" parent="Obstacles" index="11" instance=ExtResource( 2 )]

position = Vector2( 0, 1224 )
_sections_unfolded = [ "Collision", "Transform" ]

[node name="Ground_25" parent="Obstacles" index="12" instance=ExtResource( 2 )]

position = Vector2( 0, 1020 )
_sections_unfolded = [ "Collision", "Transform" ]

[node name="Ground_26" parent="Obstacles" index="13" instance=ExtResource( 2 )]

position = Vector2( 408, 1020 )
_sections_unfolded = [ "Collision", "Transform" ]

[node name="Ground_39" parent="Obstacles" index="14" instance=ExtResource( 2 )]

position = Vector2( 612, 2856 )
_sections_unfolded = [ "Collision", "Transform" ]

[node name="Ground_62" parent="Obstacles" index="15" instance=ExtResource( 2 )]

position = Vector2( 816, 3264 )
_sections_unfolded = [ "Collision", "Transform" ]

[node name="Ground_73" parent="Obstacles" index="16" instance=ExtResource( 2 )]

position = Vector2( 612, 3672 )
_sections_unfolded = [ "Collision", "Transform" ]

[node name="Ground_80" parent="Obstacles" index="17" instance=ExtResource( 2 )]

position = Vector2( 612, 4284 )
_sections_unfolded = [ "Collision", "Transform" ]

[node name="Ground_92" parent="Obstacles" index="18" instance=ExtResource( 2 )]

position = Vector2( 408, 4488 )
_sections_unfolded = [ "Collision", "Transform" ]

[node name="Ground_81" parent="Obstacles" index="19" instance=ExtResource( 2 )]

position = Vector2( 816, 4080 )
_sections_unfolded = [ "Collision", "Transform" ]

[node name="Ground_84" parent="Obstacles" index="20" instance=ExtResource( 2 )]

position = Vector2( 816, 4488 )
_sections_unfolded = [ "Collision", "Transform" ]

[node name="Ground_85" parent="Obstacles" index="21" instance=ExtResource( 2 )]

position = Vector2( 204, 4692 )
_sections_unfolded = [ "Collision", "Transform" ]

[node name="Ground_103" parent="Obstacles" index="22" instance=ExtResource( 2 )]

position = Vector2( 204, 5304 )
_sections_unfolded = [ "Collision", "Transform" ]

[node name="Ground_87" parent="Obstacles" index="23" instance=ExtResource( 2 )]

position = Vector2( 612, 4896 )
_sections_unfolded = [ "Collision", "Transform" ]

[node name="Ground_108" parent="Obstacles" index="24" instance=ExtResource( 2 )]

position = Vector2( 816, 4896 )
_sections_unfolded = [ "Collision", "Transform" ]

[node name="Ground_109" parent="Obstacles" index="25" instance=ExtResource( 2 )]

position = Vector2( 408, 5100 )
_sections_unfolded = [ "Collision", "Transform" ]

[node name="Ground_110" parent="Obstacles" index="26" instance=ExtResource( 2 )]

position = Vector2( 204, 5100 )
_sections_unfolded = [ "Collision", "Transform" ]

[node name="Ground_111" parent="Obstacles" index="27" instance=ExtResource( 2 )]

position = Vector2( 612, 5508 )
_sections_unfolded = [ "Collision", "Transform" ]

[node name="Ground_112" parent="Obstacles" index="28" instance=ExtResource( 2 )]

position = Vector2( 816, 5712 )
_sections_unfolded = [ "Collision", "Transform" ]

[node name="Ground_126" parent="Obstacles" index="29" instance=ExtResource( 2 )]

position = Vector2( 816, 6732 )
_sections_unfolded = [ "Collision", "Transform" ]

[node name="Ground_151" parent="Obstacles" index="30" instance=ExtResource( 2 )]

position = Vector2( 0, 7548 )
_sections_unfolded = [ "Collision", "Transform" ]

[node name="Ground_152" parent="Obstacles" index="31" instance=ExtResource( 2 )]

position = Vector2( 0, 7752 )
_sections_unfolded = [ "Collision", "Transform" ]

[node name="Ground_168" parent="Obstacles" index="32" instance=ExtResource( 2 )]

position = Vector2( 0, 8976 )
_sections_unfolded = [ "Collision", "Transform" ]

[node name="Ground_171" parent="Obstacles" index="33" instance=ExtResource( 2 )]

position = Vector2( 408, 8568 )
_sections_unfolded = [ "Collision", "Transform" ]

[node name="Ground_183" parent="Obstacles" index="34" instance=ExtResource( 2 )]

position = Vector2( 204, 8568 )
_sections_unfolded = [ "Collision", "Transform" ]

[node name="Ground_184" parent="Obstacles" index="35" instance=ExtResource( 2 )]

position = Vector2( 0, 8568 )
_sections_unfolded = [ "Collision", "Transform" ]

[node name="Ground_185" parent="Obstacles" index="36" instance=ExtResource( 2 )]

position = Vector2( 204, 8364 )
_sections_unfolded = [ "Collision", "Transform", "Z Index" ]

[node name="Ground_153" parent="Obstacles" index="37" instance=ExtResource( 2 )]

position = Vector2( 204, 7956 )
_sections_unfolded = [ "Collision", "Transform" ]

[node name="Ground_166" parent="Obstacles" index="38" instance=ExtResource( 2 )]

position = Vector2( 204, 9180 )
_sections_unfolded = [ "Collision", "Transform" ]

[node name="Ground_173" parent="Obstacles" index="39" instance=ExtResource( 2 )]

position = Vector2( 612, 8772 )
_sections_unfolded = [ "Collision", "Transform" ]

[node name="Ground_155" parent="Obstacles" index="40" instance=ExtResource( 2 )]

position = Vector2( 0, 9792 )
_sections_unfolded = [ "Collision", "Transform" ]

[node name="Ground_156" parent="Obstacles" index="41" instance=ExtResource( 2 )]

position = Vector2( 204, 9588 )
_sections_unfolded = [ "Collision", "Transform" ]

[node name="Ground_158" parent="Obstacles" index="42" instance=ExtResource( 2 )]

position = Vector2( 408, 9384 )
_sections_unfolded = [ "Collision", "Transform" ]

[node name="Ground_161" parent="Obstacles" index="43" instance=ExtResource( 2 )]

position = Vector2( 612, 9180 )
_sections_unfolded = [ "Collision", "Transform" ]

[node name="Ground_163" parent="Obstacles" index="44" instance=ExtResource( 2 )]

position = Vector2( 816, 8976 )
_sections_unfolded = [ "Collision", "Transform" ]

[node name="Ground_115" parent="Obstacles" index="45" instance=ExtResource( 2 )]

position = Vector2( 204, 5916 )
_sections_unfolded = [ "Collision", "Transform" ]

[node name="Ground_113" parent="Obstacles" index="46" instance=ExtResource( 2 )]

position = Vector2( 816, 5916 )
_sections_unfolded = [ "Collision", "Transform" ]

[node name="Ground_136" parent="Obstacles" index="47" instance=ExtResource( 2 )]

position = Vector2( 816, 6120 )
_sections_unfolded = [ "Collision", "Transform" ]

[node name="Ground_137" parent="Obstacles" index="48" instance=ExtResource( 2 )]

position = Vector2( 816, 6528 )
_sections_unfolded = [ "Collision", "Transform" ]

[node name="Ground_138" parent="Obstacles" index="49" instance=ExtResource( 2 )]

position = Vector2( 408, 6936 )
_sections_unfolded = [ "Collision", "Transform" ]

[node name="Ground_127" parent="Obstacles" index="50" instance=ExtResource( 2 )]

position = Vector2( 816, 6936 )
_sections_unfolded = [ "Collision", "Transform" ]

[node name="Ground_96" parent="Obstacles" index="51" instance=ExtResource( 2 )]

position = Vector2( 204, 5712 )
_sections_unfolded = [ "Collision", "Transform" ]

[node name="Ground_99" parent="Obstacles" index="52" instance=ExtResource( 2 )]

position = Vector2( 612, 5916 )
_sections_unfolded = [ "Collision", "Transform" ]

[node name="Ground_124" parent="Obstacles" index="53" instance=ExtResource( 2 )]

position = Vector2( 612, 6936 )
_sections_unfolded = [ "Collision", "Transform" ]

[node name="Ground_116" parent="Obstacles" index="54" instance=ExtResource( 2 )]

position = Vector2( 612, 6324 )
_sections_unfolded = [ "Collision", "Transform" ]

[node name="Ground_119" parent="Obstacles" index="55" instance=ExtResource( 2 )]

position = Vector2( 408, 6732 )
_sections_unfolded = [ "Collision", "Transform" ]

[node name="Ground_121" parent="Obstacles" index="56" instance=ExtResource( 2 )]

position = Vector2( 204, 6936 )
_sections_unfolded = [ "Collision", "Transform" ]

[node name="Ground_123" parent="Obstacles" index="57" instance=ExtResource( 2 )]

position = Vector2( 204, 7344 )
_sections_unfolded = [ "Collision", "Transform" ]

[node name="Ground_140" parent="Obstacles" index="58" instance=ExtResource( 2 )]

position = Vector2( 816, 7752 )
_sections_unfolded = [ "Collision", "Transform" ]

[node name="Ground_143" parent="Obstacles" index="59" instance=ExtResource( 2 )]

position = Vector2( 204, 8160 )
_sections_unfolded = [ "Collision", "Transform" ]

[node name="Ground_174" parent="Obstacles" index="60" instance=ExtResource( 2 )]

position = Vector2( 204, 8772 )
_sections_unfolded = [ "Collision", "Transform" ]

[node name="Ground_175" parent="Obstacles" index="61" instance=ExtResource( 2 )]

position = Vector2( 408, 8976 )
_sections_unfolded = [ "Collision", "Transform" ]

[node name="Ground_176" parent="Obstacles" index="62" instance=ExtResource( 2 )]

position = Vector2( 0, 9384 )
_sections_unfolded = [ "Collision", "Transform" ]

[node name="Ground_178" parent="Obstacles" index="63" instance=ExtResource( 2 )]

position = Vector2( 0, 8772 )
_sections_unfolded = [ "Collision", "Transform" ]

[node name="Ground_179" parent="Obstacles" index="64" instance=ExtResource( 2 )]

position = Vector2( 408, 8364 )
_sections_unfolded = [ "Collision", "Transform" ]

[node name="Ground_180" parent="Obstacles" index="65" instance=ExtResource( 2 )]

position = Vector2( 816, 8568 )
_sections_unfolded = [ "Collision", "Transform" ]

[node name="Ground_181" parent="Obstacles" index="66" instance=ExtResource( 2 )]

position = Vector2( 612, 8364 )
_sections_unfolded = [ "Collision", "Transform" ]

[node name="Ground_165" parent="Obstacles" index="67" instance=ExtResource( 2 )]

position = Vector2( 204, 9384 )
_sections_unfolded = [ "Collision", "Transform" ]

[node name="Ground_169" parent="Obstacles" index="68" instance=ExtResource( 2 )]

position = Vector2( 612, 8976 )
_sections_unfolded = [ "Collision", "Transform" ]

[node name="Ground_154" parent="Obstacles" index="69" instance=ExtResource( 2 )]

position = Vector2( 0, 9996 )
_sections_unfolded = [ "Collision", "Transform" ]

[node name="Ground_157" parent="Obstacles" index="70" instance=ExtResource( 2 )]

position = Vector2( 204, 9792 )
_sections_unfolded = [ "Collision", "Transform" ]

[node name="Ground_159" parent="Obstacles" index="71" instance=ExtResource( 2 )]

position = Vector2( 408, 9588 )
_sections_unfolded = [ "Collision", "Transform" ]

[node name="Ground_160" parent="Obstacles" index="72" instance=ExtResource( 2 )]

position = Vector2( 612, 9384 )
_sections_unfolded = [ "Collision", "Transform" ]

[node name="Ground_162" parent="Obstacles" index="73" instance=ExtResource( 2 )]

position = Vector2( 816, 9180 )
_sections_unfolded = [ "Collision", "Transform" ]

[node name="Ground_74" parent="Obstacles" index="74" instance=ExtResource( 2 )]

position = Vector2( 612, 3264 )
_sections_unfolded = [ "Collision", "Transform" ]

[node name="Ground_75" parent="Obstacles" index="75" instance=ExtResource( 2 )]

position = Vector2( 204, 3468 )
_sections_unfolded = [ "Collision", "Transform" ]

[node name="Ground_76" parent="Obstacles" index="76" instance=ExtResource( 2 )]

position = Vector2( 408, 3672 )
_sections_unfolded = [ "Collision", "Transform" ]

[node name="Ground_79" parent="Obstacles" index="77" instance=ExtResource( 2 )]

position = Vector2( 408, 4284 )
_sections_unfolded = [ "Collision", "Transform" ]

[node name="Ground_82" parent="Obstacles" index="78" instance=ExtResource( 2 )]

position = Vector2( 612, 4080 )
_sections_unfolded = [ "Collision", "Transform" ]

[node name="Ground_83" parent="Obstacles" index="79" instance=ExtResource( 2 )]

position = Vector2( 612, 4488 )
_sections_unfolded = [ "Collision", "Transform" ]

[node name="Ground_93" parent="Obstacles" index="80" instance=ExtResource( 2 )]

position = Vector2( 408, 4692 )
_sections_unfolded = [ "Collision", "Transform" ]

[node name="Ground_107" parent="Obstacles" index="81" instance=ExtResource( 2 )]

position = Vector2( 816, 5100 )
_sections_unfolded = [ "Collision", "Transform" ]

[node name="Ground_105" parent="Obstacles" index="82" instance=ExtResource( 2 )]

position = Vector2( 408, 5304 )
_sections_unfolded = [ "Collision", "Transform" ]

[node name="Ground_97" parent="Obstacles" index="83" instance=ExtResource( 2 )]

position = Vector2( 0, 5508 )
_sections_unfolded = [ "Collision", "Transform" ]

[node name="Ground_101" parent="Obstacles" index="84" instance=ExtResource( 2 )]

position = Vector2( 408, 5712 )
_sections_unfolded = [ "Collision", "Transform" ]

[node name="Ground_128" parent="Obstacles" index="85" instance=ExtResource( 2 )]

position = Vector2( 408, 6120 )
_sections_unfolded = [ "Collision", "Transform" ]

[node name="Ground_131" parent="Obstacles" index="86" instance=ExtResource( 2 )]

position = Vector2( 0, 6324 )
_sections_unfolded = [ "Collision", "Transform" ]

[node name="Ground_132" parent="Obstacles" index="87" instance=ExtResource( 2 )]

position = Vector2( 0, 6936 )
_sections_unfolded = [ "Collision", "Transform" ]

[node name="Ground_135" parent="Obstacles" index="88" instance=ExtResource( 2 )]

position = Vector2( 612, 7140 )
_sections_unfolded = [ "Collision", "Transform" ]

[node name="Ground_86" parent="Obstacles" index="89" instance=ExtResource( 2 )]

position = Vector2( 0, 4692 )
_sections_unfolded = [ "Collision", "Transform" ]

[node name="Ground_104" parent="Obstacles" index="90" instance=ExtResource( 2 )]

position = Vector2( 0, 5304 )
_sections_unfolded = [ "Collision", "Transform" ]

[node name="Ground_88" parent="Obstacles" index="91" instance=ExtResource( 2 )]

position = Vector2( 408, 4896 )
_sections_unfolded = [ "Collision", "Transform" ]

[node name="Ground_106" parent="Obstacles" index="92" instance=ExtResource( 2 )]

position = Vector2( 816, 5304 )
_sections_unfolded = [ "Collision", "Transform" ]

[node name="Ground_94" parent="Obstacles" index="93" instance=ExtResource( 2 )]

position = Vector2( 0, 5712 )
_sections_unfolded = [ "Collision", "Transform" ]

[node name="Ground_98" parent="Obstacles" index="94" instance=ExtResource( 2 )]

position = Vector2( 408, 5916 )
_sections_unfolded = [ "Collision", "Transform" ]

[node name="Ground_129" parent="Obstacles" index="95" instance=ExtResource( 2 )]

position = Vector2( 408, 6324 )
_sections_unfolded = [ "Collision", "Transform" ]

[node name="Ground_130" parent="Obstacles" index="96" instance=ExtResource( 2 )]

position = Vector2( 0, 6528 )
_sections_unfolded = [ "Collision", "Transform" ]

[node name="Ground_133" parent="Obstacles" index="97" instance=ExtResource( 2 )]

position = Vector2( 0, 7140 )
_sections_unfolded = [ "Collision", "Transform" ]

[node name="Ground_141" parent="Obstacles" index="98" instance=ExtResource( 2 )]

position = Vector2( 612, 7548 )
_sections_unfolded = [ "Collision", "Transform" ]

[node name="Ground_147" parent="Obstacles" index="99" instance=ExtResource( 2 )]

position = Vector2( 612, 7956 )
_sections_unfolded = [ "Collision", "Transform" ]

[node name="Ground_134" parent="Obstacles" index="100" instance=ExtResource( 2 )]

position = Vector2( 612, 7344 )
_sections_unfolded = [ "Collision", "Transform" ]

[node name="Ground_148" parent="Obstacles" index="101" instance=ExtResource( 2 )]

position = Vector2( 816, 7344 )
_sections_unfolded = [ "Collision", "Transform" ]

[node name="Ground_149" parent="Obstacles" index="102" instance=ExtResource( 2 )]

position = Vector2( 612, 7752 )
_sections_unfolded = [ "Collision", "Transform" ]

[node name="Ground_150" parent="Obstacles" index="103" instance=ExtResource( 2 )]

position = Vector2( 816, 7956 )
_sections_unfolded = [ "Collision", "Transform" ]

[node name="Ground_56" parent="Obstacles" index="104" instance=ExtResource( 2 )]

position = Vector2( 612, 2652 )
_sections_unfolded = [ "Collision", "Transform" ]

[node name="Ground_68" parent="Obstacles" index="105" instance=ExtResource( 2 )]

position = Vector2( 408, 2652 )
_sections_unfolded = [ "Collision", "Transform" ]

[node name="Ground_69" parent="Obstacles" index="106" instance=ExtResource( 2 )]

position = Vector2( 0, 3060 )
_sections_unfolded = [ "Collision", "Transform" ]

[node name="Ground_70" parent="Obstacles" index="107" instance=ExtResource( 2 )]

position = Vector2( 0, 3876 )
_sections_unfolded = [ "Collision", "Transform" ]

[node name="Ground_71" parent="Obstacles" index="108" instance=ExtResource( 2 )]

position = Vector2( 204, 3672 )
_sections_unfolded = [ "Collision", "Transform" ]

[node name="Ground_72" parent="Obstacles" index="109" instance=ExtResource( 2 )]

position = Vector2( 612, 3876 )
_sections_unfolded = [ "Collision", "Transform" ]

[node name="Ground_61" parent="Obstacles" index="110" instance=ExtResource( 2 )]

position = Vector2( 816, 3060 )
_sections_unfolded = [ "Collision", "Transform" ]

[node name="Ground_57" parent="Obstacles" index="111" instance=ExtResource( 2 )]

position = Vector2( 612, 2448 )
_sections_unfolded = [ "Collision", "Transform" ]

[node name="Ground_60" parent="Obstacles" index="112" instance=ExtResource( 2 )]

position = Vector2( 816, 2652 )
_sections_unfolded = [ "Collision", "Transform" ]

[node name="Ground_27" parent="Obstacles" index="113" instance=ExtResource( 2 )]

position = Vector2( 408, 1224 )
_sections_unfolded = [ "Collision", "Transform" ]

[node name="Ground_28" parent="Obstacles" index="114" instance=ExtResource( 2 )]

position = Vector2( 204, 1836 )
_sections_unfolded = [ "Collision", "Transform" ]

[node name="Ground_33" parent="Obstacles" index="115" instance=ExtResource( 2 )]

position = Vector2( 612, 1224 )
_sections_unfolded = [ "Collision", "Transform" ]

[node name="Ground_48" parent="Obstacles" index="116" instance=ExtResource( 2 )]

position = Vector2( 612, 1428 )
_sections_unfolded = [ "Collision", "Transform" ]

[node name="Ground_49" parent="Obstacles" index="117" instance=ExtResource( 2 )]

position = Vector2( 0, 1836 )
_sections_unfolded = [ "Collision", "Transform" ]

[node name="Ground_40" parent="Obstacles" index="118" instance=ExtResource( 2 )]

position = Vector2( 612, 1632 )
_sections_unfolded = [ "Collision", "Transform" ]

[node name="Ground_43" parent="Obstacles" index="119" instance=ExtResource( 2 )]

position = Vector2( 0, 2040 )
_sections_unfolded = [ "Collision", "Transform" ]

[node name="Ground_44" parent="Obstacles" index="120" instance=ExtResource( 2 )]

position = Vector2( 204, 2244 )
_sections_unfolded = [ "Collision", "Transform" ]

[node name="Ground_47" parent="Obstacles" index="121" instance=ExtResource( 2 )]

position = Vector2( 0, 2448 )
_sections_unfolded = [ "Collision", "Transform" ]

[node name="Ground_29" parent="Obstacles" index="122" instance=ExtResource( 2 )]

position = Vector2( 408, 1632 )
_sections_unfolded = [ "Collision", "Transform" ]

[node name="Ground_34" parent="Obstacles" index="123" instance=ExtResource( 2 )]

position = Vector2( 816, 1020 )
_sections_unfolded = [ "Collision", "Transform" ]

[node name="Ground_30" parent="Obstacles" index="124" instance=ExtResource( 2 )]

position = Vector2( 816, 816 )
_sections_unfolded = [ "Collision", "Transform" ]

[node name="Ground_31" parent="Obstacles" index="125" instance=ExtResource( 2 )]

position = Vector2( 408, 1836 )
_sections_unfolded = [ "Collision", "Transform" ]

[node name="Ground_32" parent="Obstacles" index="126" instance=ExtResource( 2 )]

position = Vector2( 816, 1224 )
_sections_unfolded = [ "Collision", "Transform" ]

[node name="Ground_41" parent="Obstacles" index="127" instance=ExtResource( 2 )]

position = Vector2( 816, 1632 )
_sections_unfolded = [ "Collision", "Transform" ]

[node name="Ground_42" parent="Obstacles" index="128" instance=ExtResource( 2 )]

position = Vector2( 204, 2040 )
_sections_unfolded = [ "Collision", "Transform" ]

[node name="Ground_45" parent="Obstacles" index="129" instance=ExtResource( 2 )]

position = Vector2( 408, 2244 )
_sections_unfolded = [ "Collision", "Transform" ]

[node name="Ground_46" parent="Obstacles" index="130" instance=ExtResource( 2 )]

position = Vector2( 204, 2856 )
_sections_unfolded = [ "Collision", "Transform" ]

[node name="Ground_55" parent="Obstacles" index="131" instance=ExtResource( 2 )]

position = Vector2( 204, 2652 )
_sections_unfolded = [ "Collision", "Transform" ]

[node name="Ground_63" parent="Obstacles" index="132" instance=ExtResource( 2 )]

position = Vector2( 612, 3060 )
_sections_unfolded = [ "Collision", "Transform" ]

[node name="Ground_64" parent="Obstacles" index="133" instance=ExtResource( 2 )]

position = Vector2( 408, 3468 )
_sections_unfolded = [ "Collision", "Transform" ]

[node name="Ground_65" parent="Obstacles" index="134" instance=ExtResource( 2 )]

position = Vector2( 0, 3468 )
_sections_unfolded = [ "Collision", "Transform" ]

[node name="Ground_58" parent="Obstacles" index="135" instance=ExtResource( 2 )]

position = Vector2( 204, 2448 )
_sections_unfolded = [ "Collision", "Transform" ]

[node name="Ground_59" parent="Obstacles" index="136" instance=ExtResource( 2 )]

position = Vector2( 0, 2652 )
_sections_unfolded = [ "Collision", "Transform" ]

[node name="Ground_18" parent="Obstacles" index="137" instance=ExtResource( 2 )]

position = Vector2( 0, 408 )
_sections_unfolded = [ "Collision", "Transform" ]

[node name="Ground_19" parent="Obstacles" index="138" instance=ExtResource( 2 )]

position = Vector2( 204, 612 )
_sections_unfolded = [ "Collision", "Transform" ]

[node name="Ground_20" parent="Obstacles" index="139" instance=ExtResource( 2 )]

position = Vector2( 0, 816 )
_sections_unfolded = [ "Collision", "Transform" ]

[node name="Ground_21" parent="Obstacles" index="140" instance=ExtResource( 2 )]

position = Vector2( 408, 816 )
_sections_unfolded = [ "Collision", "Transform" ]

[node name="Ground_37" parent="Obstacles" index="141" instance=ExtResource( 2 )]

position = Vector2( 612, 2244 )
_sections_unfolded = [ "Collision", "Transform" ]

[node name="Ground_50" parent="Obstacles" index="142" instance=ExtResource( 2 )]

position = Vector2( 204, 3264 )
_sections_unfolded = [ "Collision", "Transform" ]

[node name="Ground_6" parent="Obstacles" index="143" instance=ExtResource( 2 )]

position = Vector2( 816, 0 )
_sections_unfolded = [ "Collision", "Transform" ]

[node name="Ground_13" parent="Obstacles" index="144" instance=ExtResource( 3 )]

position = Vector2( 0, 1632 )

[node name="Ground_5" parent="Obstacles" index="145" instance=ExtResource( 3 )]

position = Vector2( 612, 0 )

[node name="Ground_8" parent="Obstacles" index="146" instance=ExtResource( 3 )]

position = Vector2( 816, 204 )

[node name="Ground_9" parent="Obstacles" index="147" instance=ExtResource( 3 )]

position = Vector2( 612, 408 )

[node name="Ground_10" parent="Obstacles" index="148" instance=ExtResource( 3 )]

position = Vector2( 408, 612 )

[node name="Ground_36" parent="Obstacles" index="149" instance=ExtResource( 3 )]

position = Vector2( 612, 2040 )

[node name="Ground_53" parent="Obstacles" index="150" instance=ExtResource( 3 )]

position = Vector2( 612, 3468 )

[node name="Ground_54" parent="Obstacles" index="151" instance=ExtResource( 3 )]

position = Vector2( 816, 2856 )

[node name="Ground_66" parent="Obstacles" index="152" instance=ExtResource( 3 )]

position = Vector2( 408, 3876 )

[node name="Ground_77" parent="Obstacles" index="153" instance=ExtResource( 3 )]

position = Vector2( 0, 4080 )

[node name="Ground_78" parent="Obstacles" index="154" instance=ExtResource( 3 )]

position = Vector2( 204, 4284 )

[node name="Ground_67" parent="Obstacles" index="155" instance=ExtResource( 3 )]

position = Vector2( 816, 3876 )

[node name="Ground_89" parent="Obstacles" index="156" instance=ExtResource( 3 )]

position = Vector2( 816, 4284 )

[node name="Ground_90" parent="Obstacles" index="157" instance=ExtResource( 3 )]

position = Vector2( 612, 4692 )

[node name="Ground_95" parent="Obstacles" index="158" instance=ExtResource( 3 )]

position = Vector2( 204, 5508 )

[node name="Ground_100" parent="Obstacles" index="159" instance=ExtResource( 3 )]

position = Vector2( 612, 5712 )

[node name="Ground_125" parent="Obstacles" index="160" instance=ExtResource( 3 )]

position = Vector2( 612, 6732 )

[node name="Ground_117" parent="Obstacles" index="161" instance=ExtResource( 3 )]

position = Vector2( 612, 6120 )

[node name="Ground_118" parent="Obstacles" index="162" instance=ExtResource( 3 )]

position = Vector2( 408, 6528 )

[node name="Ground_120" parent="Obstacles" index="163" instance=ExtResource( 3 )]

position = Vector2( 204, 6732 )

[node name="Ground_122" parent="Obstacles" index="164" instance=ExtResource( 3 )]

position = Vector2( 204, 7140 )

[node name="Ground_146" parent="Obstacles" index="165" instance=ExtResource( 3 )]

position = Vector2( 0, 7344 )

[node name="Ground_139" parent="Obstacles" index="166" instance=ExtResource( 3 )]

position = Vector2( 816, 7548 )

[node name="Ground_142" parent="Obstacles" index="167" instance=ExtResource( 3 )]

position = Vector2( 204, 7752 )

[node name="Ground_164" parent="Obstacles" index="168" instance=ExtResource( 3 )]

position = Vector2( 204, 8976 )

[node name="Ground_172" parent="Obstacles" index="169" instance=ExtResource( 3 )]

position = Vector2( 612, 8568 )

[node name="Ground_182" parent="Obstacles" index="170" instance=ExtResource( 3 )]

position = Vector2( 816, 8364 )

[node name="Ground_144" parent="Obstacles" index="171" instance=ExtResource( 3 )]

position = Vector2( 0, 7956 )

[node name="Ground_167" parent="Obstacles" index="172" instance=ExtResource( 3 )]

position = Vector2( 0, 9180 )

[node name="Ground_170" parent="Obstacles" index="173" instance=ExtResource( 3 )]

position = Vector2( 408, 8772 )

[node name="Ground_145" parent="Obstacles" index="174" instance=ExtResource( 3 )]

position = Vector2( 612, 8160 )

[node name="Ground_114" parent="Obstacles" index="175" instance=ExtResource( 3 )]

position = Vector2( 0, 5916 )

[node name="Ground_91" parent="Obstacles" index="176" instance=ExtResource( 3 )]

position = Vector2( 0, 4488 )

[node name="Ground_102" parent="Obstacles" index="177" instance=ExtResource( 3 )]

position = Vector2( 0, 5100 )

[node name="Ground_51" parent="Obstacles" index="178" instance=ExtResource( 3 )]

position = Vector2( 204, 3060 )

[node name="Ground_11" parent="Obstacles" index="179" instance=ExtResource( 3 )]

position = Vector2( 612, 816 )

[node name="Ground_35" parent="Obstacles" index="180" instance=ExtResource( 3 )]

position = Vector2( 816, 2244 )

[node name="Ground_52" parent="Obstacles" index="181" instance=ExtResource( 3 )]

position = Vector2( 408, 3264 )

[node name="Mineral_2" parent="Obstacles" index="182" instance=ExtResource( 4 )]

position = Vector2( 204, 1428 )
_sections_unfolded = [ "Collision", "Transform" ]

[node name="Mineral_3" parent="Obstacles" index="183" instance=ExtResource( 4 )]

position = Vector2( 816, 3468 )
_sections_unfolded = [ "Collision", "Transform" ]

[node name="Mineral_4" parent="Obstacles" index="184" instance=ExtResource( 4 )]

position = Vector2( 204, 6120 )
_sections_unfolded = [ "Collision", "Transform" ]

[node name="Mineral_6" parent="Obstacles" index="185" instance=ExtResource( 4 )]

position = Vector2( 816, 8160 )
_sections_unfolded = [ "Collision", "Transform" ]

[node name="Mineral_5" parent="Obstacles" index="186" instance=ExtResource( 4 )]

position = Vector2( 204, 7548 )
_sections_unfolded = [ "Collision", "Transform" ]

[node name="Energy_2" parent="Obstacles" index="187" instance=ExtResource( 5 )]

position = Vector2( 612, 612 )
_sections_unfolded = [ "Collision", "Transform" ]

[node name="Energy_4" parent="Obstacles" index="188" instance=ExtResource( 5 )]

position = Vector2( 408, 3060 )
_sections_unfolded = [ "Collision", "Transform" ]

[node name="Energy_5" parent="Obstacles" index="189" instance=ExtResource( 5 )]

position = Vector2( 408, 5508 )
_sections_unfolded = [ "Collision", "Transform" ]

[node name="Energy_6" parent="Obstacles" index="190" instance=ExtResource( 5 )]

position = Vector2( 0, 8160 )
_sections_unfolded = [ "Collision", "Transform" ]

[node name="Rocks_2" parent="Obstacles" index="191" instance=ExtResource( 6 )]

position = Vector2( 816, 612 )
_sections_unfolded = [ "Collision", "Transform", "Z Index" ]
hit_dmg = 200

[node name="Rocks_3" parent="Obstacles" index="192" instance=ExtResource( 6 )]

position = Vector2( 204, 1224 )
_sections_unfolded = [ "Collision", "Transform", "Z Index" ]
hit_dmg = 200

[node name="Rocks_4" parent="Obstacles" index="193" instance=ExtResource( 6 )]

position = Vector2( 816, 1836 )
_sections_unfolded = [ "Collision", "Transform", "Z Index" ]
hit_dmg = 200

[node name="Rocks_7" parent="Obstacles" index="194" instance=ExtResource( 6 )]

position = Vector2( 0, 3264 )
_sections_unfolded = [ "Collision", "Transform", "Z Index" ]
hit_dmg = 200

[node name="Rocks_8" parent="Obstacles" index="195" instance=ExtResource( 6 )]

position = Vector2( 816, 3672 )
_sections_unfolded = [ "Collision", "Transform", "Z Index" ]
hit_dmg = 200

[node name="Rocks_9" parent="Obstacles" index="196" instance=ExtResource( 6 )]

position = Vector2( 204, 4080 )
_sections_unfolded = [ "Collision", "Transform", "Z Index" ]
hit_dmg = 200

[node name="Rocks_10" parent="Obstacles" index="197" instance=ExtResource( 6 )]

position = Vector2( 0, 4896 )
_sections_unfolded = [ "Collision", "Transform", "Z Index" ]
hit_dmg = 200

[node name="Rocks_11" parent="Obstacles" index="198" instance=ExtResource( 6 )]

position = Vector2( 612, 5304 )
_sections_unfolded = [ "Collision", "Transform", "Z Index" ]
hit_dmg = 200

[node name="Rocks_12" parent="Obstacles" index="199" instance=ExtResource( 6 )]

position = Vector2( 0, 6120 )
_sections_unfolded = [ "Collision", "Transform", "Z Index" ]
hit_dmg = 200

[node name="Rocks_13" parent="Obstacles" index="200" instance=ExtResource( 6 )]

position = Vector2( 612, 6525.21 )
_sections_unfolded = [ "Collision", "Transform", "Z Index" ]
hit_dmg = 200

[node name="Rocks_14" parent="Obstacles" index="201" instance=ExtResource( 6 )]

position = Vector2( 612, 6528 )
_sections_unfolded = [ "Collision", "Transform", "Z Index" ]
hit_dmg = 200

[node name="Rocks_15" parent="Obstacles" index="202" instance=ExtResource( 6 )]

position = Vector2( 408, 7344 )
_sections_unfolded = [ "Collision", "Transform", "Z Index" ]
hit_dmg = 200

[node name="Rocks_16" parent="Obstacles" index="203" instance=ExtResource( 6 )]

position = Vector2( 408, 7752 )
_sections_unfolded = [ "Collision", "Transform", "Z Index" ]
hit_dmg = 200

[node name="Rocks_17" parent="Obstacles" index="204" instance=ExtResource( 6 )]

position = Vector2( 408, 8160 )
_sections_unfolded = [ "Collision", "Transform", "Z Index" ]
hit_dmg = 200

[node name="Rocks_21" parent="Obstacles" index="205" instance=ExtResource( 6 )]

position = Vector2( 0, 8364 )
_sections_unfolded = [ "Collision", "Transform", "Z Index" ]
hit_dmg = 200

[node name="Rocks_18" parent="Obstacles" index="206" instance=ExtResource( 6 )]

position = Vector2( 612, 9792 )
_sections_unfolded = [ "Collision", "Transform", "Z Index" ]
hit_dmg = 200

[node name="Rocks_19" parent="Obstacles" index="207" instance=ExtResource( 6 )]

position = Vector2( 408, 9996 )
_sections_unfolded = [ "Collision", "Transform", "Z Index" ]
hit_dmg = 200

[node name="Rocks_20" parent="Obstacles" index="208" instance=ExtResource( 6 )]

position = Vector2( 816, 9588 )
_sections_unfolded = [ "Collision", "Transform", "Z Index" ]
hit_dmg = 200

[node name="Rocks_5" parent="Obstacles" index="209" instance=ExtResource( 6 )]

position = Vector2( 0, 2244 )
_sections_unfolded = [ "Collision", "Transform", "Z Index" ]
hit_dmg = 200

[node name="Rocks_6" parent="Obstacles" index="210" instance=ExtResource( 6 )]

position = Vector2( 816, 1428 )
_sections_unfolded = [ "Collision", "Transform", "Z Index" ]
hit_dmg = 200

[node name="Obstacles_gen" type="Node2D" parent="." index="1"]

editor/display_folded = true
position = Vector2( 30, 0 )
_sections_unfolded = [ "Transform" ]

[node name="Grounds" type="Node2D" parent="Obstacles_gen" index="0"]

editor/display_folded = true
script = ExtResource( 7 )

[node name="Ground_1_generative" parent="Obstacles_gen/Grounds" index="0" instance=ExtResource( 8 )]

position = Vector2( 408, 1428 )
collision_layer = 2
script = ExtResource( 9 )
_sections_unfolded = [ "Collision", "Transform" ]

[node name="Ground_1_generative2" parent="Obstacles_gen/Grounds" index="1" instance=ExtResource( 8 )]

position = Vector2( 204, 1632 )
collision_layer = 2
script = ExtResource( 9 )
_sections_unfolded = [ "Collision", "Transform" ]

[node name="Ground_1_generative7" parent="Obstacles_gen/Grounds" index="2" instance=ExtResource( 8 )]

position = Vector2( 612, 1020 )
collision_layer = 2
script = ExtResource( 9 )
_sections_unfolded = [ "Collision", "Transform" ]

[node name="Ground_1_generative8" parent="Obstacles_gen/Grounds" index="3" instance=ExtResource( 8 )]

position = Vector2( 408, 2040 )
collision_layer = 2
script = ExtResource( 9 )
_sections_unfolded = [ "Collision", "Transform" ]

[node name="Ground_1_generative12" parent="Obstacles_gen/Grounds" index="4" instance=ExtResource( 8 )]

position = Vector2( 0, 2856 )
collision_layer = 2
script = ExtResource( 9 )
_sections_unfolded = [ "Collision", "Transform" ]

[node name="Ground_1_generative9" parent="Obstacles_gen/Grounds" index="5" instance=ExtResource( 8 )]

position = Vector2( 816, 2040 )
collision_layer = 2
script = ExtResource( 9 )
_sections_unfolded = [ "Collision", "Transform" ]

[node name="Ground_1_generative11" parent="Obstacles_gen/Grounds" index="6" instance=ExtResource( 8 )]

position = Vector2( 408, 2856 )
collision_layer = 2
script = ExtResource( 9 )
_sections_unfolded = [ "Collision", "Transform" ]

[node name="Ground_1_generative10" parent="Obstacles_gen/Grounds" index="7" instance=ExtResource( 8 )]

position = Vector2( 816, 2448 )
collision_layer = 2
script = ExtResource( 9 )
_sections_unfolded = [ "Collision", "Transform" ]

[node name="Ground_1_generative13" parent="Obstacles_gen/Grounds" index="8" instance=ExtResource( 8 )]

position = Vector2( 0, 3672 )
collision_layer = 2
script = ExtResource( 9 )
_sections_unfolded = [ "Collision", "Transform" ]

[node name="Ground_1_generative14" parent="Obstacles_gen/Grounds" index="9" instance=ExtResource( 8 )]

position = Vector2( 204, 3876 )
collision_layer = 2
script = ExtResource( 9 )
_sections_unfolded = [ "Collision", "Transform" ]

[node name="Ground_1_generative15" parent="Obstacles_gen/Grounds" index="10" instance=ExtResource( 8 )]

position = Vector2( 408, 4080 )
collision_layer = 2
script = ExtResource( 9 )
_sections_unfolded = [ "Collision", "Transform" ]

[node name="Ground_1_generative16" parent="Obstacles_gen/Grounds" index="11" instance=ExtResource( 8 )]

position = Vector2( 816, 4692 )
collision_layer = 2
script = ExtResource( 9 )
_sections_unfolded = [ "Collision", "Transform" ]

[node name="Ground_1_generative19" parent="Obstacles_gen/Grounds" index="12" instance=ExtResource( 8 )]

position = Vector2( 816, 5508 )
collision_layer = 2
script = ExtResource( 9 )
_sections_unfolded = [ "Collision", "Transform" ]

[node name="Ground_1_generative21" parent="Obstacles_gen/Grounds" index="13" instance=ExtResource( 8 )]

position = Vector2( 816, 6324 )
collision_layer = 2
script = ExtResource( 9 )
_sections_unfolded = [ "Collision", "Transform" ]

[node name="Ground_1_generative22" parent="Obstacles_gen/Grounds" index="14" instance=ExtResource( 8 )]

position = Vector2( 204, 6324 )
collision_layer = 2
script = ExtResource( 9 )
_sections_unfolded = [ "Collision", "Transform" ]

[node name="Ground_1_generative23" parent="Obstacles_gen/Grounds" index="15" instance=ExtResource( 8 )]

position = Vector2( 0, 6732 )
collision_layer = 2
script = ExtResource( 9 )
_sections_unfolded = [ "Collision", "Transform" ]

[node name="Ground_1_generative24" parent="Obstacles_gen/Grounds" index="16" instance=ExtResource( 8 )]

position = Vector2( 408, 7140 )
collision_layer = 2
script = ExtResource( 9 )
_sections_unfolded = [ "Collision", "Transform" ]

[node name="Ground_1_generative26" parent="Obstacles_gen/Grounds" index="17" instance=ExtResource( 8 )]

position = Vector2( 408, 7956 )
collision_layer = 2
script = ExtResource( 9 )
_sections_unfolded = [ "Collision", "Transform" ]

[node name="Ground_1_generative35" parent="Obstacles_gen/Grounds" index="18" instance=ExtResource( 8 )]

position = Vector2( 408, 9180 )
collision_layer = 2
script = ExtResource( 9 )
_sections_unfolded = [ "Collision", "Transform" ]

[node name="Ground_1_generative37" parent="Obstacles_gen/Grounds" index="19" instance=ExtResource( 8 )]

position = Vector2( 0, 9588 )
collision_layer = 2
script = ExtResource( 9 )
_sections_unfolded = [ "Collision", "Transform" ]

[node name="Ground_1_generative36" parent="Obstacles_gen/Grounds" index="20" instance=ExtResource( 8 )]

position = Vector2( 816, 8772 )
collision_layer = 2
script = ExtResource( 9 )
_sections_unfolded = [ "Collision", "Transform" ]

[node name="Ground_1_generative27" parent="Obstacles_gen/Grounds" index="21" instance=ExtResource( 8 )]

position = Vector2( 408, 7548 )
collision_layer = 2
script = ExtResource( 9 )
_sections_unfolded = [ "Collision", "Transform" ]

[node name="Ground_1_generative25" parent="Obstacles_gen/Grounds" index="22" instance=ExtResource( 8 )]

position = Vector2( 816, 7140 )
collision_layer = 2
script = ExtResource( 9 )
_sections_unfolded = [ "Collision", "Transform" ]

[node name="Ground_1_generative28" parent="Obstacles_gen/Grounds" index="23" instance=ExtResource( 8 )]

position = Vector2( 816, 9996 )
collision_layer = 2
script = ExtResource( 9 )
_sections_unfolded = [ "Collision", "Transform" ]

[node name="Ground_1_generative29" parent="Obstacles_gen/Grounds" index="24" instance=ExtResource( 8 )]

position = Vector2( 612, 9996 )
collision_layer = 2
script = ExtResource( 9 )
_sections_unfolded = [ "Collision", "Transform" ]

[node name="Ground_1_generative30" parent="Obstacles_gen/Grounds" index="25" instance=ExtResource( 8 )]

position = Vector2( 816, 9792 )
collision_layer = 2
script = ExtResource( 9 )
_sections_unfolded = [ "Collision", "Transform" ]

[node name="Ground_1_generative31" parent="Obstacles_gen/Grounds" index="26" instance=ExtResource( 8 )]

position = Vector2( 816, 9384 )
collision_layer = 2
script = ExtResource( 9 )
_sections_unfolded = [ "Collision", "Transform" ]

[node name="Ground_1_generative32" parent="Obstacles_gen/Grounds" index="27" instance=ExtResource( 8 )]

position = Vector2( 612, 9588 )
collision_layer = 2
script = ExtResource( 9 )
_sections_unfolded = [ "Collision", "Transform" ]

[node name="Ground_1_generative33" parent="Obstacles_gen/Grounds" index="28" instance=ExtResource( 8 )]

position = Vector2( 408, 9792 )
collision_layer = 2
script = ExtResource( 9 )
_sections_unfolded = [ "Collision", "Transform" ]

[node name="Ground_1_generative34" parent="Obstacles_gen/Grounds" index="29" instance=ExtResource( 8 )]

position = Vector2( 204, 9996 )
collision_layer = 2
script = ExtResource( 9 )
_sections_unfolded = [ "Collision", "Transform" ]

[node name="Ground_1_generative20" parent="Obstacles_gen/Grounds" index="30" instance=ExtResource( 8 )]

position = Vector2( 612, 5100 )
collision_layer = 2
script = ExtResource( 9 )
_sections_unfolded = [ "Collision", "Transform" ]

[node name="Ground_1_generative17" parent="Obstacles_gen/Grounds" index="31" instance=ExtResource( 8 )]

position = Vector2( 204, 4488 )
collision_layer = 2
script = ExtResource( 9 )
_sections_unfolded = [ "Collision", "Transform" ]

[node name="Ground_1_generative18" parent="Obstacles_gen/Grounds" index="32" instance=ExtResource( 8 )]

position = Vector2( 204, 4896 )
collision_layer = 2
script = ExtResource( 9 )
_sections_unfolded = [ "Collision", "Transform" ]

[node name="Ground_1_generative3" parent="Obstacles_gen/Grounds" index="33" instance=ExtResource( 8 )]

position = Vector2( 204, 816 )
collision_layer = 2
script = ExtResource( 9 )
_sections_unfolded = [ "Collision", "Transform" ]

[node name="Ground_1_generative4" parent="Obstacles_gen/Grounds" index="34" instance=ExtResource( 8 )]

position = Vector2( 0, 612 )
collision_layer = 2
script = ExtResource( 9 )
_sections_unfolded = [ "Collision", "Transform" ]

[node name="Ground_1_generative5" parent="Obstacles_gen/Grounds" index="35" instance=ExtResource( 8 )]

position = Vector2( 0, 204 )
collision_layer = 2
script = ExtResource( 9 )
_sections_unfolded = [ "Collision", "Transform" ]

[node name="Ground_1_generative6" parent="Obstacles_gen/Grounds" index="36" instance=ExtResource( 8 )]

position = Vector2( 408, 204 )
collision_layer = 2
script = ExtResource( 9 )
_sections_unfolded = [ "Collision", "Transform" ]

[node name="Energies" type="Node2D" parent="Obstacles_gen" index="1"]

editor/display_folded = true
script = ExtResource( 10 )

[node name="Energy_1_generative2" parent="Obstacles_gen/Energies" index="0" instance=ExtResource( 11 )]

position = Vector2( 612, 1836 )
script = ExtResource( 12 )
_sections_unfolded = [ "Collision", "Transform" ]

[node name="Energy_1_generative3" parent="Obstacles_gen/Energies" index="1" instance=ExtResource( 11 )]

position = Vector2( 0, 4284 )
script = ExtResource( 12 )
_sections_unfolded = [ "Collision", "Transform" ]

[node name="Energy_1_generative4" parent="Obstacles_gen/Energies" index="2" instance=ExtResource( 11 )]

position = Vector2( 204, 6528 )
script = ExtResource( 12 )
_sections_unfolded = [ "Collision", "Transform" ]

[node name="Minerals" type="Node2D" parent="Obstacles_gen" index="2"]

script = ExtResource( 13 )

[node name="Boundaries_easy" parent="." index="2" instance=ExtResource( 14 )]


